<record><leader>00000cas a22000007a 4500</leader><controlfield tag="001">11465558</controlfield><controlfield tag="008">841207d18521855wiudn ne      0   a0eng c</controlfield><datafield ind1=" " ind2=" " tag="010"><subfield code="a">sn 84025133 </subfield></datafield><datafield ind1=" " ind2=" " tag="040"><subfield code="a">NPV</subfield><subfield code="b">eng</subfield><subfield code="c">NPV</subfield><subfield code="d">DLC</subfield><subfield code="d">NVF</subfield><subfield code="d">MGN</subfield><subfield code="d">OCL</subfield><subfield code="d">OCLCQ</subfield><subfield code="d">DLC</subfield><subfield code="d">UKMGB</subfield><subfield code="d">DLC</subfield><subfield code="d">OCLCQ</subfield><subfield code="d">OCLCF</subfield></datafield><datafield ind1="7" ind2=" " tag="016"><subfield code="a">013917720</subfield><subfield code="2">Uk</subfield></datafield><datafield ind1="1" ind2=" " tag="029"><subfield code="a">AU@</subfield><subfield code="b">000020228720</subfield></datafield><datafield ind1=" " ind2=" " tag="042"><subfield code="a">pcc</subfield></datafield><datafield ind1=" " ind2=" " tag="043"><subfield code="a">n-us-wi</subfield></datafield><datafield ind1=" " ind2=" " tag="045"><subfield code="a">w5w5</subfield></datafield><datafield ind1="0" ind2="0" tag="050"><subfield code="a">Newspaper</subfield></datafield><datafield ind1=" " ind2=" " tag="052"><subfield code="a">4123</subfield><subfield code="b">D3</subfield></datafield><datafield ind1="0" ind2=" " tag="130"><subfield code="a">Daily Argus and Democrat (Madison, Wis. : 1852)</subfield></datafield><datafield ind1="1" ind2="0" tag="245"><subfield code="a">Daily Argus and Democrat.</subfield></datafield><datafield ind1=" " ind2=" " tag="260"><subfield code="a">Madison [Wis.] :</subfield><subfield code="b">Brown &amp; Carpenter,</subfield><subfield code="c">-1855.</subfield></datafield><datafield ind1=" " ind2=" " tag="300"><subfield code="a">v. :</subfield><subfield code="b">ill. (chiefly advertisements) ;</subfield><subfield code="c">45 cm.</subfield></datafield><datafield ind1=" " ind2=" " tag="310"><subfield code="a">Daily (except Sun.)</subfield></datafield><datafield ind1="1" ind2=" " tag="362"><subfield code="a">Began June 14, 1852. Cf. Hansen, J.L. Wis. newspapers.</subfield></datafield><datafield ind1="0" ind2=" " tag="362"><subfield code="a">-v. 5, no. 299 (Dec. 31, 1855).</subfield></datafield><datafield ind1=" " ind2=" " tag="530"><subfield code="a">Also issued on microfilm from The State Historical Society of Wisconsin.</subfield></datafield><datafield ind1=" " ind2=" " tag="588"><subfield code="a">Description based on: Vol. 2, no. 128 (June 15, 1852).</subfield></datafield><datafield ind1=" " ind2="0" tag="651"><subfield code="a">Madison (Wis.)</subfield><subfield code="v">Newspapers.</subfield></datafield><datafield ind1=" " ind2="7" tag="655"><subfield code="a">Newspapers.</subfield><subfield code="2">fast</subfield><subfield code="0">(OCoLC)fst01423814</subfield></datafield><datafield ind1=" " ind2="7" tag="651"><subfield code="a">Wisconsin</subfield><subfield code="z">Madison.</subfield><subfield code="2">fast</subfield><subfield code="0">(OCoLC)fst01205840</subfield></datafield><datafield ind1=" " ind2=" " tag="752"><subfield code="a">United States</subfield><subfield code="b">Wisconsin</subfield><subfield code="c">Dane</subfield><subfield code="d">Madison.</subfield></datafield><datafield ind1="0" ind2=" " tag="775"><subfield code="t">Triweekly Argus and Democrat</subfield></datafield><datafield ind1="0" ind2=" " tag="775"><subfield code="t">Weekly Argus and Democrat</subfield><subfield code="w">(DLC)sn 84024608</subfield><subfield code="w">(OCoLC)11379754</subfield></datafield><datafield ind1="0" ind2="4" tag="780"><subfield code="t">Weekly Wisconsin Argus and Democrat</subfield></datafield><datafield ind1="0" ind2="4" tag="780"><subfield code="t">Daily Democrat (Madison, Wis.)</subfield><subfield code="w">(DLC)sn 84025138</subfield><subfield code="w">(OCoLC)11474837</subfield></datafield><datafield ind1="0" ind2="0" tag="785"><subfield code="t">Evening Argus &amp; Democrat</subfield><subfield code="w">(DLC)sn 84025136</subfield><subfield code="w">(OCoLC)11465292</subfield></datafield></record>